@article{tenney1976non,
  title={{Non-transitive dominance}},
  author={{Tenney, Richard L and Foster, Caxton C}},
  journal={{Mathematics Magazine}},
  volume={{49}},
  number={{3}},
  pages={{115--120}},
  year={{1976}},
  publisher={{JSTOR}}
}

@article{gardner1970non,
  title={{Mathematical Games: The Paradox of the Nontransitive Dice and the Elusive Principle of Indifference}},
  author={{Gardner, Martin}},
  journal={{Scientific American Magazine}},
  volume={{223}},
  pages={{110--114}},
  month={{December}},
  year={{1970}}
}

@book{gardner2001colossal,
  title={{The Colossal Book of Mathematics}},
  author={{Gardner, Martin}},
  year={2001},
  publisher={WW Norton \& Company},
  page={287}
}